<record><leader>00000cas a22000007a 4500</leader><controlfield tag="001">24221632</controlfield><controlfield tag="008">910812d186618uunjuwr ne      0    0eng d</controlfield><datafield ind1=" " ind2=" " tag="010"><subfield code="a">sn 91064024 </subfield></datafield><datafield ind1=" " ind2=" " tag="040"><subfield code="a">NJW</subfield><subfield code="b">eng</subfield><subfield code="c">NJW</subfield><subfield code="d">OCLCQ</subfield></datafield><datafield ind1="0" ind2="4" tag="245"><subfield code="a">The Atlantic Democrat. The Constitution and the laws.</subfield></datafield><datafield ind1=" " ind2=" " tag="260"><subfield code="a">Egg Harbor City, N.J. :</subfield><subfield code="b">O.A. Douglas</subfield></datafield><datafield ind1=" " ind2=" " tag="300"><subfield code="a">v.</subfield></datafield><datafield ind1="0" ind2=" " tag="362"><subfield code="a">Vol. 6, no. 15 (July 14, 1866)-</subfield></datafield><datafield ind1=" " ind2=" " tag="752"><subfield code="a">United States</subfield><subfield code="b">New Jersey</subfield><subfield code="c">Atlantic</subfield><subfield code="d">Egg Harbor City.</subfield></datafield><datafield ind1="0" ind2="0" tag="780"><subfield code="t">Atlantic Democrat and Cumberland County patriot</subfield><subfield code="w">(DLC)sn 91064023</subfield><subfield code="w">(OCoLC)24221571</subfield></datafield><datafield ind1="0" ind2="0" tag="785"><subfield code="t">Atlantic Democrat</subfield><subfield code="w">(DLC)sn 83032238</subfield><subfield code="w">(OCoLC)10223898</subfield></datafield></record>